@misc{hudson.misc,
	author={Peter Hudson},
	title={Which Fingers Go Where},
	month={September},
	year={2014},
	note={Available at \url{http://www.typing-lessons.org/preliminaries_4.html}}
}

@misc{rapid.misc,
	author={Typing Tutor Labs},
	title={Touch Typing Technique},
	month={September},
	year={2014},
	note={Available at \url{http://www.rapidtyping.com/typing-instructions.html}}
}
